<?xml version="1.0" encoding="UTF-8"?><record xmlns="http://www.loc.gov/MARC21/slim" xmlns:cinclude="http://apache.org/cocoon/include/1.0" xmlns:zs="http://www.loc.gov/zing/srw/">
  <leader>00445nz  a2200145n  4500</leader>
  <controlfield tag="001">no2004014630</controlfield>
  <controlfield tag="003">DLC</controlfield>
  <controlfield tag="005">20040218052619.0</controlfield>
  <controlfield tag="008">040217n| acannaabn          |n aaa     c</controlfield>
  <datafield tag="010" ind1=" " ind2=" ">
    <subfield code="a">no2004014630</subfield>
  </datafield>
  <datafield tag="035" ind1=" " ind2=" ">
    <subfield code="a">(OCoLC)oca06273973</subfield>
  </datafield>
  <datafield tag="040" ind1=" " ind2=" ">
    <subfield code="a">NBuU-Mu</subfield>
    <subfield code="b">eng</subfield>
    <subfield code="c">NBuU-Mu</subfield>
  </datafield>
  <datafield tag="100" ind1="1" ind2=" ">
    <subfield code="a">Powell, Alvy</subfield>
  </datafield>
  <datafield tag="670" ind1=" " ind2=" ">
    <subfield code="a">Sence you went away [SR] p2000:</subfield>
    <subfield code="b">container (Alvy Powell, bass-baritone)</subfield>
  </datafield>
  <datafield tag="670" ind1=" " ind2=" ">
    <subfield code="a">OCLC, Dec. 17, 2003</subfield>
    <subfield code="b">(hdg: Powell, Alvy; usage: Alvy Powell)</subfield>
  </datafield>
</record>